<?xml version="1.0" encoding="UTF-8"?><collection xmlns="http://www.loc.gov/MARC21/slim"><record><leader>00421nam--2200145-i-4500</leader><controlfield tag="001">000020884</controlfield><controlfield tag="002">20161230</controlfield><controlfield tag="005">20161230201033</controlfield><controlfield tag="008">060222s1000------------r-----000-0-eng-d</controlfield><datafield ind1=" " ind2=" " tag="080"><subfield code="a">330.342.22(8)</subfield></datafield><datafield ind1=" " ind2=" " tag="100"><subfield code="a">Enrique V. Iglesias</subfield></datafield><datafield ind1=" " ind2=" " tag="245"><subfield code="a">Latin america - economic and social transition to the twenty-first century</subfield></datafield><datafield ind1=" " ind2=" " tag="260"><subfield code="a">International Monetary Found, Washington, 1993 58 P</subfield></datafield><datafield ind1=" " ind2=" " tag="700"><subfield code="a">Esha Ray</subfield></datafield><datafield ind1=" " ind2=" " tag="852"><subfield code="a">80221</subfield></datafield></record></collection>